@inbook{linkedList,
  author    = {Thomas H. Cormen and Charles E. Leiserson and Ronald L. Rivest and Clifford Stein},
  title     = {Introduction to Algorithms},
  publisher = {The MIT Press},
  year      = 2022,
  address   = {Cambridge, Massachusetts},
  pages     = {689},
  edition   = {Fourth}
}

@inbook{weightedUnionHeuristic,
  author    = {Thomas H. Cormen and Charles E. Leiserson and Ronald L. Rivest and Clifford Stein},
  title     = {Introduction to Algorithms},
  publisher = {The MIT Press},
  year      = 2022,
  address   = {Cambridge, Massachusetts},
  pages     = {689-690},
  edition   = {Fourth}
}

@inbook{forestPathCompression,
  author    = {Thomas H. Cormen and Charles E. Leiserson and Ronald L. Rivest and Clifford Stein},
  title     = {Introduction to Algorithms},
  publisher = {The MIT Press},
  year      = 2022,
  address   = {Cambridge, Massachusetts},
  pages     = {696},
  edition   = {Fourth}
}

@inbook{unionByRank,
  author    = {Thomas H. Cormen and Charles E. Leiserson and Ronald L. Rivest and Clifford Stein},
  title     = {Introduction to Algorithms},
  publisher = {The MIT Press},
  year      = 2022,
  address   = {Cambridge, Massachusetts},
  pages     = {693},
  edition   = {Fourth}
}

@inbook{unionByRankCost,
  author    = {Thomas H. Cormen and Charles E. Leiserson and Ronald L. Rivest and Clifford Stein},
  title     = {Introduction to Algorithms},
  publisher = {The MIT Press},
  year      = 2022,
  address   = {Cambridge, Massachusetts},
  pages     = {696},
  edition   = {Fourth}
}